
  <record>
    <leader>01000aam  22002601a 4500</leader>
    <controlfield tag="001">YPZ478</controlfield>
    <controlfield tag="003">YPZ</controlfield>
    <controlfield tag="005">200407050000000</controlfield>
    <controlfield tag="008">040705|###########||||||b||||||||||spa|d</controlfield>
    <datafield tag="040" ind1=" " ind2=" ">
      <subfield code="c">SIUNPA</subfield>
    </datafield>
    <datafield tag="041" ind1=" " ind2=" ">
      <subfield code="a">spa</subfield>
    </datafield>
    <datafield tag="044" ind1=" " ind2=" ">
      <subfield code="a">AR</subfield>
    </datafield>
    <datafield tag="080" ind1=" " ind2=" ">
      <subfield code="a">T004.41 P179p</subfield>
    </datafield>
    <datafield tag="100" ind1=" " ind2=" ">
      <subfield code="a">Palmiro, Darío.</subfield>
    </datafield>
    <datafield tag="700" ind1=" " ind2=" ">
      <subfield code="a">Barriga, Marcos.</subfield>
    </datafield>
    <datafield tag="700" ind1=" " ind2=" ">
      <subfield code="a">Valdéz, Jorge.</subfield>
    </datafield>
    <datafield tag="700" ind1=" " ind2=" ">
      <subfield code="a">Rasjido, José.</subfield>
    </datafield>
    <datafield tag="245" ind1=" " ind2=" ">
      <subfield code="a">Proyecto Boqui UNPA-UACO</subfield>
    </datafield>
    <datafield tag="260" ind1=" " ind2=" ">
      <subfield code="a">Caleta Olivia</subfield>
      <subfield code="c"> , 2003</subfield>
    </datafield>
    <datafield tag="300" ind1=" " ind2=" ">
      <subfield code="a">53 h. : </subfield>
      <subfield code="a">27 h. : </subfield>
      <subfield code="a">96 h. : </subfield>
      <subfield code="a">182 h. : </subfield>
      <subfield code="b">il. ; </subfield>
      <subfield code="a">27 h. : </subfield>
      <subfield code="a">36 h. : </subfield>
      <subfield code="a">27 h. : </subfield>
      <subfield code="a">50 h. : </subfield>
      <subfield code="a">75 h. : </subfield>
      <subfield code="a">57 h. : </subfield>
      <subfield code="a">36 h. : </subfield>
      <subfield code="a">44 h. : </subfield>
      <subfield code="a">55 h. : </subfield>
      <subfield code="a">40 h. : </subfield>
      <subfield code="a">125 h. : </subfield>
      <subfield code="a">57 h. : </subfield>
      <subfield code="a">68 h. : </subfield>
      <subfield code="b">il. ; </subfield>
      <subfield code="a">61 h. : </subfield>
      <subfield code="b">il. ; </subfield>
      <subfield code="a">155 h. : </subfield>
      <subfield code="a">29 h. : </subfield>
      <subfield code="a">78 h. : </subfield>
      <subfield code="a">36 h. : </subfield>
      <subfield code="a">63 h. : </subfield>
      <subfield code="a">56 h. : </subfield>
      <subfield code="a">49 h. : </subfield>
      <subfield code="a">29 h. : </subfield>
      <subfield code="a">36 h. : </subfield>
      <subfield code="a">36 h. : </subfield>
      <subfield code="a">54 h. : </subfield>
      <subfield code="a">57 h. : </subfield>
      <subfield code="a">46 h. : </subfield>
      <subfield code="a">76 h. : </subfield>
      <subfield code="a">20 h. : </subfield>
      <subfield code="a">20 h. : </subfield>
      <subfield code="a">97 h. : </subfield>
      <subfield code="b">cuadros ; </subfield>
      <subfield code="a">39,[14] h. : </subfield>
      <subfield code="a">59 h. : </subfield>
      <subfield code="a">36 h. : </subfield>
      <subfield code="a">73 h. : </subfield>
      <subfield code="b">il. ; </subfield>
      <subfield code="e">2 CD-ROM</subfield>
    </datafield>
    <datafield tag="500" ind1=" " ind2=" ">
      <subfield code="a">Tesina (Analista de Sistemas) - Unidad Acádemica Caleta Olivia, UNPA, 2002-2003)</subfield>
    </datafield>
    <datafield tag="500" ind1=" " ind2=" ">
      <subfield code="a">Contenido del CD-ROM: versión reducida y versión completa del Poryecto Boqui</subfield>
    </datafield>
    <datafield tag="650" ind1=" " ind2=" ">
      <subfield code="a"> INGENIERIA DE SOFTWARE</subfield>
    </datafield>
    <datafield tag="650" ind1=" " ind2=" ">
      <subfield code="a"> DESARROLLO DE SOFTWARE</subfield>
    </datafield>
    <datafield tag="650" ind1=" " ind2=" ">
      <subfield code="a"> TESINA</subfield>
    </datafield>
    <datafield tag="942" ind1=" " ind2=" ">
      <subfield code="c">TN</subfield>
    </datafield>
    <datafield tag="952" ind1=" " ind2=" ">
      <subfield code="a">BIB_RECT</subfield>
      <subfield code="b">BIB_UACO</subfield>
      <subfield code="d">2005-08-23</subfield>
      <subfield code="y">TN</subfield>
      <subfield code="p">02-24265</subfield>
      <subfield code="i">02-24265</subfield>
      <subfield code="g">20</subfield>
      <subfield code="o">T004.41 P179p</subfield>
      <subfield code="e">UACO</subfield>
      <subfield code="8">CG</subfield>
    </datafield>
    <datafield tag="952" ind1=" " ind2=" ">
      <subfield code="a">BIB_RECT</subfield>
      <subfield code="b">BIB_UACO</subfield>
      <subfield code="d">2005-08-23</subfield>
      <subfield code="y">TN</subfield>
      <subfield code="p">02-24266</subfield>
      <subfield code="i">02-24266</subfield>
      <subfield code="g">20</subfield>
      <subfield code="o">T004.41 P179p</subfield>
      <subfield code="e">UACO</subfield>
      <subfield code="8">CG</subfield>
    </datafield>
    <datafield tag="952" ind1=" " ind2=" ">
      <subfield code="a">BIB_RECT</subfield>
      <subfield code="b">BIB_UACO</subfield>
      <subfield code="d">2005-08-23</subfield>
      <subfield code="y">TN</subfield>
      <subfield code="p">02-24267</subfield>
      <subfield code="i">02-24267</subfield>
      <subfield code="g">20</subfield>
      <subfield code="o">T004.41 P179p</subfield>
      <subfield code="e">UACO</subfield>
      <subfield code="8">CG</subfield>
    </datafield>
    <datafield tag="952" ind1=" " ind2=" ">
      <subfield code="a">BIB_RECT</subfield>
      <subfield code="b">BIB_UACO</subfield>
      <subfield code="d">2005-08-23</subfield>
      <subfield code="y">TN</subfield>
      <subfield code="p">02-24268</subfield>
      <subfield code="i">02-24268</subfield>
      <subfield code="g">20</subfield>
      <subfield code="o">T004.41 P179p</subfield>
      <subfield code="e">UACO</subfield>
      <subfield code="8">CG</subfield>
    </datafield>
    <datafield tag="952" ind1=" " ind2=" ">
      <subfield code="a">BIB_RECT</subfield>
      <subfield code="b">BIB_UACO</subfield>
      <subfield code="d">2005-08-23</subfield>
      <subfield code="y">TN</subfield>
      <subfield code="p">02-25979</subfield>
      <subfield code="i">02-25979</subfield>
      <subfield code="g">20</subfield>
      <subfield code="o">T004.41 P179p</subfield>
      <subfield code="e">UACO</subfield>
      <subfield code="8">CG</subfield>
    </datafield>
    <datafield tag="952" ind1=" " ind2=" ">
      <subfield code="a">BIB_RECT</subfield>
      <subfield code="b">BIB_UACO</subfield>
      <subfield code="d">2005-08-23</subfield>
      <subfield code="y">TN</subfield>
      <subfield code="p">02-25980</subfield>
      <subfield code="i">02-25980</subfield>
      <subfield code="g">20</subfield>
      <subfield code="o">T004.41 P179p</subfield>
      <subfield code="e">UACO</subfield>
      <subfield code="8">CG</subfield>
    </datafield>
    <datafield tag="952" ind1=" " ind2=" ">
      <subfield code="a">BIB_RECT</subfield>
      <subfield code="b">BIB_UACO</subfield>
      <subfield code="d">2005-08-23</subfield>
      <subfield code="y">TN</subfield>
      <subfield code="p">02-26110</subfield>
      <subfield code="i">02-26110</subfield>
      <subfield code="g">20</subfield>
      <subfield code="o">T004.41 P179p</subfield>
      <subfield code="e">UACO</subfield>
      <subfield code="8">CG</subfield>
    </datafield>
  </record>