
  <record>
    <leader>01000aam  22002601a 4500</leader>
    <controlfield tag="001">YPZ87782</controlfield>
    <controlfield tag="003">YPZ</controlfield>
    <controlfield tag="005">200803120949550</controlfield>
    <controlfield tag="008">080312|###########||||||b||||||||||spa|d</controlfield>
    <datafield tag="040" ind1=" " ind2=" ">
      <subfield code="c">SIUNPA</subfield>
    </datafield>
    <datafield tag="041" ind1=" " ind2=" ">
      <subfield code="a">spa</subfield>
    </datafield>
    <datafield tag="044" ind1=" " ind2=" ">
      <subfield code="a">AR</subfield>
    </datafield>
    <datafield tag="080" ind1=" " ind2=" ">
      <subfield code="a">T372.879.6 P436e</subfield>
    </datafield>
    <datafield tag="100" ind1=" " ind2=" ">
      <subfield code="a">Pereira, Mariana Fernanda.</subfield>
    </datafield>
    <datafield tag="245" ind1=" " ind2=" ">
      <subfield code="a">La educación física en el nivel inicial</subfield>
    </datafield>
    <datafield tag="260" ind1=" " ind2=" ">
      <subfield code="a">Caleta Olivia</subfield>
      <subfield code="c"> , 2005</subfield>
    </datafield>
    <datafield tag="500" ind1=" " ind2=" ">
      <subfield code="a">Tesina (Profesorado en Nivel Inicial) - Unidad Acádemica Caleta Olivia, UNPA, 2005</subfield>
    </datafield>
    <datafield tag="650" ind1=" " ind2=" ">
      <subfield code="a"> EDUCACION FISICA</subfield>
    </datafield>
    <datafield tag="650" ind1=" " ind2=" ">
      <subfield code="a"> EDUCACION PREESCOLAR</subfield>
    </datafield>
    <datafield tag="650" ind1=" " ind2=" ">
      <subfield code="a"> METODOS DE ENSEÑANZA</subfield>
    </datafield>
    <datafield tag="650" ind1=" " ind2=" ">
      <subfield code="a"> TESINA</subfield>
    </datafield>
    <datafield tag="650" ind1=" " ind2=" ">
      <subfield code="a"> ACTIVIDADES DE APRENDIZAJE</subfield>
    </datafield>
    <datafield tag="942" ind1=" " ind2=" ">
      <subfield code="c">TN</subfield>
    </datafield>
    <datafield tag="952" ind1=" " ind2=" ">
      <subfield code="a">BIB_RECT</subfield>
      <subfield code="b">BIB_UACO</subfield>
      <subfield code="d">2008-03-07</subfield>
      <subfield code="y">TN</subfield>
      <subfield code="p">02-34531</subfield>
      <subfield code="i">02-34531</subfield>
      <subfield code="g">39</subfield>
      <subfield code="o">T372.879.6 P436e</subfield>
      <subfield code="e">UACO</subfield>
      <subfield code="8">CG</subfield>
    </datafield>
  </record>