
  <record>
    <leader>01000aam  22002601a 4500</leader>
    <controlfield tag="001">YPZ88114</controlfield>
    <controlfield tag="003">YPZ</controlfield>
    <controlfield tag="005">200804101047100</controlfield>
    <controlfield tag="008">080410|###########||||||b||||||||||spa|d</controlfield>
    <datafield tag="040" ind1=" " ind2=" ">
      <subfield code="c">SIUNPA</subfield>
    </datafield>
    <datafield tag="041" ind1=" " ind2=" ">
      <subfield code="a">spa</subfield>
    </datafield>
    <datafield tag="044" ind1=" " ind2=" ">
      <subfield code="a">AR</subfield>
    </datafield>
    <datafield tag="080" ind1=" " ind2=" ">
      <subfield code="a">T504.064.2 G393h</subfield>
    </datafield>
    <datafield tag="100" ind1=" " ind2=" ">
      <subfield code="a">Gesto, Esteban.</subfield>
    </datafield>
    <datafield tag="700" ind1=" " ind2=" ">
      <subfield code="a">Hallar, Karim.</subfield>
    </datafield>
    <datafield tag="700" ind1=" " ind2=" ">
      <subfield code="a">Prats, Marina.</subfield>
    </datafield>
    <datafield tag="245" ind1=" " ind2=" ">
      <subfield code="a">Horizon</subfield>
    </datafield>
    <datafield tag="260" ind1=" " ind2=" ">
      <subfield code="a">Río Gallegos</subfield>
      <subfield code="c"> , 2007</subfield>
    </datafield>
    <datafield tag="300" ind1=" " ind2=" ">
      <subfield code="a">156 h. : </subfield>
      <subfield code="a">39 h. : </subfield>
      <subfield code="a">116 h. : </subfield>
      <subfield code="b">il. ; </subfield>
      <subfield code="a">186 h. : </subfield>
      <subfield code="a">79 h. : </subfield>
      <subfield code="a">122 p. : </subfield>
      <subfield code="b">il. ; </subfield>
      <subfield code="a">84 h. : </subfield>
      <subfield code="a">112 h. : </subfield>
      <subfield code="a">156,[37] h. : </subfield>
      <subfield code="a">[61] h. : </subfield>
      <subfield code="b">il. ; </subfield>
      <subfield code="a">95 p. : </subfield>
      <subfield code="b">cuadros, gráf. ; </subfield>
      <subfield code="a">70 h. : </subfield>
      <subfield code="b">il. ; </subfield>
      <subfield code="a">62, [51] h. : </subfield>
      <subfield code="a">43 h. : </subfield>
      <subfield code="a">54 h. : </subfield>
      <subfield code="a">174 h. : </subfield>
      <subfield code="b">il. ; </subfield>
      <subfield code="a">67, [23] h. : </subfield>
      <subfield code="b">il. ; </subfield>
      <subfield code="a">102 h. : </subfield>
      <subfield code="a">133 h. : </subfield>
      <subfield code="a">83 h. : </subfield>
      <subfield code="a">85 p. : </subfield>
      <subfield code="a">120, 12 h. : </subfield>
      <subfield code="a">90 h. : </subfield>
      <subfield code="a">126, 18 h. : </subfield>
      <subfield code="a">61 h. : </subfield>
      <subfield code="a">79 h. : </subfield>
      <subfield code="a">82 h. : </subfield>
      <subfield code="a">50 h. : </subfield>
      <subfield code="a">47, [15] h. : </subfield>
      <subfield code="a">80 h. : </subfield>
      <subfield code="a">90 h. : </subfield>
      <subfield code="a">80 h. : </subfield>
      <subfield code="b">il. ; </subfield>
      <subfield code="a">140 h. : </subfield>
      <subfield code="a">73 h. : </subfield>
      <subfield code="a">161 h. : </subfield>
      <subfield code="a">51 h. : </subfield>
      <subfield code="a">122 h. : </subfield>
      <subfield code="a">95 h. : </subfield>
      <subfield code="a">45 h. : </subfield>
      <subfield code="a">88 h. : </subfield>
      <subfield code="b">il. ; </subfield>
      <subfield code="a">68 h. : </subfield>
      <subfield code="b">il. ; </subfield>
      <subfield code="a">156 h. : </subfield>
      <subfield code="b">cuadros ; </subfield>
      <subfield code="a">75 h. : </subfield>
      <subfield code="a">72 h. : </subfield>
      <subfield code="a">112 h. : </subfield>
      <subfield code="b">il. ; </subfield>
      <subfield code="a">65 h. : </subfield>
      <subfield code="b">il. ; </subfield>
      <subfield code="a">40 h. : </subfield>
      <subfield code="a">2 v. : </subfield>
      <subfield code="b">il. ; </subfield>
      <subfield code="a">3 v. : </subfield>
      <subfield code="b">il. ; </subfield>
      <subfield code="e">1 DVD-ROM</subfield>
    </datafield>
    <datafield tag="500" ind1=" " ind2=" ">
      <subfield code="a">Proyecto de software (Analista en Sistemas) - Universidad Nacional de la Patagonia Austral - Unidad Académica Río Gallegos</subfield>
    </datafield>
    <datafield tag="500" ind1=" " ind2=" ">
      <subfield code="a">Software para Sistema de administración y georeferencial de información muestral</subfield>
    </datafield>
    <datafield tag="505" ind1=" " ind2=" ">
      <subfield code="a">Contenido: Resumen del proyecto - Manual del usuario - Manual de instalación - DVD-ROM</subfield>
    </datafield>
    <datafield tag="650" ind1=" " ind2=" ">
      <subfield code="a"> IMPACTO AMBIENTAL</subfield>
    </datafield>
    <datafield tag="650" ind1=" " ind2=" ">
      <subfield code="a"> DESARROLLO DE SOFTWARE</subfield>
    </datafield>
    <datafield tag="650" ind1=" " ind2=" ">
      <subfield code="a"> PROYECTO INFORMATICO</subfield>
    </datafield>
    <datafield tag="650" ind1=" " ind2=" ">
      <subfield code="a"> TESINA </subfield>
    </datafield>
    <datafield tag="650" ind1=" " ind2=" ">
      <subfield code="a"> DISEÑO DE SISTEMAS</subfield>
    </datafield>
    <datafield tag="942" ind1=" " ind2=" ">
      <subfield code="c">TN</subfield>
    </datafield>
    <datafield tag="952" ind1=" " ind2=" ">
      <subfield code="a">BIB_RECT</subfield>
      <subfield code="b">BIB_UARG</subfield>
      <subfield code="d">2008-04-07</subfield>
      <subfield code="y">TN</subfield>
      <subfield code="p">05-35026</subfield>
      <subfield code="i">05-35026</subfield>
      <subfield code="g">29</subfield>
      <subfield code="o">T504.064.2 G393h</subfield>
      <subfield code="e">Donación autores</subfield>
      <subfield code="8">CG</subfield>
    </datafield>
    <datafield tag="952" ind1=" " ind2=" ">
      <subfield code="a">BIB_RECT</subfield>
      <subfield code="b">BIB_UARG</subfield>
      <subfield code="d">2008-04-07</subfield>
      <subfield code="y">TN</subfield>
      <subfield code="p">05-35027</subfield>
      <subfield code="i">05-35027</subfield>
      <subfield code="g">19</subfield>
      <subfield code="o">T504.064.2 G393h</subfield>
      <subfield code="e">Donación autores</subfield>
      <subfield code="8">CG</subfield>
    </datafield>
    <datafield tag="952" ind1=" " ind2=" ">
      <subfield code="a">BIB_RECT</subfield>
      <subfield code="b">BIB_UARG</subfield>
      <subfield code="d">2008-04-07</subfield>
      <subfield code="y">TN</subfield>
      <subfield code="p">05-35028</subfield>
      <subfield code="i">05-35028</subfield>
      <subfield code="g">19</subfield>
      <subfield code="o">T504.064.2 G393h</subfield>
      <subfield code="e">Donación autores</subfield>
      <subfield code="8">CG</subfield>
    </datafield>
    <datafield tag="952" ind1=" " ind2=" ">
      <subfield code="a">BIB_RECT</subfield>
      <subfield code="b">BIB_UARG</subfield>
      <subfield code="d">2008-04-07</subfield>
      <subfield code="y">TN</subfield>
      <subfield code="p">05-35029</subfield>
      <subfield code="i">05-35029</subfield>
      <subfield code="g">22</subfield>
      <subfield code="o">T504.064.2 G393h</subfield>
      <subfield code="e">Donación autores</subfield>
      <subfield code="8">CG</subfield>
    </datafield>
  </record>