
  <record>
    <leader>01000aam  22002601a 4500</leader>
    <controlfield tag="001">YPZ88665</controlfield>
    <controlfield tag="003">YPZ</controlfield>
    <controlfield tag="005">200805161540570</controlfield>
    <controlfield tag="008">080516|###########||||||b||||||||||spa|d</controlfield>
    <datafield tag="040" ind1=" " ind2=" ">
      <subfield code="c">SIUNPA</subfield>
    </datafield>
    <datafield tag="041" ind1=" " ind2=" ">
      <subfield code="a">spa</subfield>
    </datafield>
    <datafield tag="044" ind1=" " ind2=" ">
      <subfield code="a">AR</subfield>
    </datafield>
    <datafield tag="080" ind1=" " ind2=" ">
      <subfield code="a">T001.8 Z945p</subfield>
    </datafield>
    <datafield tag="100" ind1=" " ind2=" ">
      <subfield code="a">Zúñiga, María Angélica.</subfield>
    </datafield>
    <datafield tag="245" ind1=" " ind2=" ">
      <subfield code="a">Proyecto SeCyT</subfield>
      <subfield code="b"> : herramienta para la gestión de contenidos dinámicos</subfield>
    </datafield>
    <datafield tag="260" ind1=" " ind2=" ">
      <subfield code="a">Río Gallegos</subfield>
      <subfield code="c"> , 2007</subfield>
    </datafield>
    <datafield tag="300" ind1=" " ind2=" ">
      <subfield code="a">100, [32] p. : </subfield>
      <subfield code="b">il. ; </subfield>
      <subfield code="a">284 h. : </subfield>
      <subfield code="b">il. ; </subfield>
      <subfield code="a">83 h. : </subfield>
      <subfield code="a">2 v. : </subfield>
      <subfield code="b">il. ; </subfield>
      <subfield code="e">1 CD-ROM en bolsillo</subfield>
    </datafield>
    <datafield tag="500" ind1=" " ind2=" ">
      <subfield code="a">Proyecto de software (Analista en Sistemas) - Universidad Nacional de la Patagonia Austral - Unidad Académica Río Gallegos, 2007</subfield>
    </datafield>
    <datafield tag="505" ind1=" " ind2=" ">
      <subfield code="a">Contenido: Manual del usuario - Manual de instalación - CD-ROM</subfield>
    </datafield>
    <datafield tag="650" ind1=" " ind2=" ">
      <subfield code="a"> INVESTIGACION CIENTIFICA</subfield>
    </datafield>
    <datafield tag="650" ind1=" " ind2=" ">
      <subfield code="a"> GESTION DE LA INVESTIGACION</subfield>
    </datafield>
    <datafield tag="650" ind1=" " ind2=" ">
      <subfield code="a"> PROYECTO INFORMATICO</subfield>
    </datafield>
    <datafield tag="650" ind1=" " ind2=" ">
      <subfield code="a"> TESINA</subfield>
    </datafield>
    <datafield tag="942" ind1=" " ind2=" ">
      <subfield code="c">TN</subfield>
    </datafield>
    <datafield tag="952" ind1=" " ind2=" ">
      <subfield code="a">BIB_RECT</subfield>
      <subfield code="b">BIB_UARG</subfield>
      <subfield code="d">2008-05-13</subfield>
      <subfield code="y">TN</subfield>
      <subfield code="p">05-35585</subfield>
      <subfield code="i">05-35585</subfield>
      <subfield code="g">26</subfield>
      <subfield code="o">T001.8 Z945p</subfield>
      <subfield code="e">Secretaría Academica UARG</subfield>
      <subfield code="8">CG</subfield>
    </datafield>
    <datafield tag="952" ind1=" " ind2=" ">
      <subfield code="a">BIB_RECT</subfield>
      <subfield code="b">BIB_UARG</subfield>
      <subfield code="d">2008-05-13</subfield>
      <subfield code="y">TN</subfield>
      <subfield code="p">05-35586</subfield>
      <subfield code="i">05-35586</subfield>
      <subfield code="g">26</subfield>
      <subfield code="o">T001.8 Z945p</subfield>
      <subfield code="e">Secretaría Academica UARG</subfield>
      <subfield code="8">CG</subfield>
    </datafield>
  </record>