
  <record>
    <leader>01000aam  22002601a 4500</leader>
    <controlfield tag="001">YPZ94515</controlfield>
    <controlfield tag="003">YPZ</controlfield>
    <controlfield tag="005">201110171853330</controlfield>
    <controlfield tag="008">111017|###########||||||b||||||||||spa|d</controlfield>
    <datafield tag="040" ind1=" " ind2=" ">
      <subfield code="c">SIUNPA</subfield>
    </datafield>
    <datafield tag="041" ind1=" " ind2=" ">
      <subfield code="a">spa</subfield>
    </datafield>
    <datafield tag="044" ind1=" " ind2=" ">
      <subfield code="a">AR</subfield>
    </datafield>
    <datafield tag="080" ind1=" " ind2=" ">
      <subfield code="a">T004.43 B595w</subfield>
    </datafield>
    <datafield tag="100" ind1=" " ind2=" ">
      <subfield code="a">Bilbao Ciriaco, Martín.</subfield>
    </datafield>
    <datafield tag="700" ind1=" " ind2=" ">
      <subfield code="a">Gelman, Bruno.</subfield>
    </datafield>
    <datafield tag="245" ind1=" " ind2=" ">
      <subfield code="a">World video web</subfield>
      <subfield code="b"> : un ejemplo de integración de tecnologías JSF + bases de datos orientada a objetos para el desarrollo web y diseño centrado en el usuario</subfield>
    </datafield>
    <datafield tag="260" ind1=" " ind2=" ">
      <subfield code="a">Caleta Olivia</subfield>
      <subfield code="c"> , 2007</subfield>
    </datafield>
    <datafield tag="300" ind1=" " ind2=" ">
      <subfield code="a">109 h. : </subfield>
      <subfield code="b">il. ; </subfield>
      <subfield code="a">94 h. : </subfield>
      <subfield code="a">52 h. : </subfield>
      <subfield code="a">68 h. : </subfield>
      <subfield code="a">121 h. : </subfield>
      <subfield code="b">il. ; </subfield>
      <subfield code="a">122 h. : </subfield>
      <subfield code="a">269 h. : </subfield>
      <subfield code="a">70 h. : </subfield>
      <subfield code="a">103 h. : </subfield>
      <subfield code="a">29 h. : </subfield>
      <subfield code="a">65 h. : </subfield>
      <subfield code="a">56 h. : </subfield>
      <subfield code="a">70 h. : </subfield>
      <subfield code="a">78 h. : </subfield>
      <subfield code="a">49 h. : </subfield>
      <subfield code="a">99 h. : </subfield>
      <subfield code="a">74 h. : </subfield>
      <subfield code="b">il. ; </subfield>
      <subfield code="a">72 h. : </subfield>
      <subfield code="b">cuadros ; </subfield>
      <subfield code="a">[174] h. en varias paginaciones : </subfield>
      <subfield code="b">cuadros ; </subfield>
      <subfield code="a">[145] h. en varias foliaciones : </subfield>
      <subfield code="b">il. ; </subfield>
      <subfield code="a">iv, 79 h. : </subfield>
      <subfield code="b">il. ; </subfield>
      <subfield code="a">74 h. : </subfield>
      <subfield code="a">37 h. : </subfield>
      <subfield code="a">133 h. : </subfield>
      <subfield code="a">64 h. : </subfield>
      <subfield code="a">49 h. : </subfield>
      <subfield code="a">73 h. : </subfield>
      <subfield code="a">140 h. : </subfield>
      <subfield code="b">il. ; </subfield>
      <subfield code="a">35 h. : </subfield>
      <subfield code="a">36 p. : </subfield>
      <subfield code="a">60 h. : </subfield>
      <subfield code="a">69 h. : </subfield>
      <subfield code="b">il. ; </subfield>
      <subfield code="a">[100] p. en varias paginaciones : </subfield>
      <subfield code="b">il. ; </subfield>
      <subfield code="a">138 h. : </subfield>
      <subfield code="b">il. ; </subfield>
      <subfield code="e">2 CD-ROM en bolsillo</subfield>
    </datafield>
    <datafield tag="500" ind1=" " ind2=" ">
      <subfield code="a">Proyecto final (Ingeniería en sistemas) - Universidad Nacional de la Patagonia Austral, 2007</subfield>
    </datafield>
    <datafield tag="505" ind1=" " ind2=" ">
      <subfield code="a">Contenido del CD-ROM: Sistema WAYRA instalador -- Sistema WAYRA documentación</subfield>
    </datafield>
    <datafield tag="650" ind1=" " ind2=" ">
      <subfield code="a"> PROGRAMA DE COMPUTADORA</subfield>
    </datafield>
    <datafield tag="650" ind1=" " ind2=" ">
      <subfield code="a"> PROGRAMACION WEB</subfield>
    </datafield>
    <datafield tag="650" ind1=" " ind2=" ">
      <subfield code="a"> PROGRAMACION ORIENTADA A OBJETOS</subfield>
    </datafield>
    <datafield tag="650" ind1=" " ind2=" ">
      <subfield code="a"> INGENIERIA DE SOFTWARE</subfield>
    </datafield>
    <datafield tag="942" ind1=" " ind2=" ">
      <subfield code="c">TN</subfield>
    </datafield>
    <datafield tag="952" ind1=" " ind2=" ">
      <subfield code="a">BIB_RECT</subfield>
      <subfield code="b">BIB_UACO</subfield>
      <subfield code="d">2011-10-03</subfield>
      <subfield code="y">TN</subfield>
      <subfield code="p">02-41632</subfield>
      <subfield code="i">02-41632</subfield>
      <subfield code="g">20</subfield>
      <subfield code="o">T004.43 B595w</subfield>
      <subfield code="e">Secretaría Académica</subfield>
      <subfield code="8">CG</subfield>
    </datafield>
  </record>