
  <record>
    <leader>01000aam  22002601a 4500</leader>
    <controlfield tag="001">YPZ97326</controlfield>
    <controlfield tag="003">YPZ</controlfield>
    <controlfield tag="005">201304111139540</controlfield>
    <controlfield tag="008">130411|###########||||||b||||||||||spa|d</controlfield>
    <datafield tag="040" ind1=" " ind2=" ">
      <subfield code="c">SIUNPA</subfield>
    </datafield>
    <datafield tag="041" ind1=" " ind2=" ">
      <subfield code="a">spa</subfield>
    </datafield>
    <datafield tag="044" ind1=" " ind2=" ">
      <subfield code="a">AR</subfield>
    </datafield>
    <datafield tag="080" ind1=" " ind2=" ">
      <subfield code="a">T658.7 C736s</subfield>
    </datafield>
    <datafield tag="100" ind1=" " ind2=" ">
      <subfield code="a">Compagnoni, Mariana.</subfield>
    </datafield>
    <datafield tag="245" ind1=" " ind2=" ">
      <subfield code="a">Sistema Integrado de Proveedores y Licitaciones, SiPLic</subfield>
    </datafield>
    <datafield tag="260" ind1=" " ind2=" ">
      <subfield code="a">Río Gallegos</subfield>
      <subfield code="c"> , 2012</subfield>
    </datafield>
    <datafield tag="300" ind1=" " ind2=" ">
      <subfield code="a">58 h. : </subfield>
      <subfield code="a">67 h. : </subfield>
      <subfield code="a">63 h. : </subfield>
      <subfield code="a">[ca. 180] h. en varias foliaciones : </subfield>
      <subfield code="a">84 h. : </subfield>
      <subfield code="a">144 h. : </subfield>
      <subfield code="a">276 h. : </subfield>
      <subfield code="a">[178] p. en varias paginaciones : </subfield>
      <subfield code="b">il. ; </subfield>
      <subfield code="a">83 h. : </subfield>
      <subfield code="a">99 h. : </subfield>
      <subfield code="a">50 h. : </subfield>
      <subfield code="a">35 h. : </subfield>
      <subfield code="a">81 p. : </subfield>
      <subfield code="b">il. ; </subfield>
      <subfield code="a">4 v. : </subfield>
      <subfield code="b">il. ; </subfield>
      <subfield code="e">1 CD-ROM en bolsillo</subfield>
    </datafield>
    <datafield tag="500" ind1=" " ind2=" ">
      <subfield code="a">Proyecto de software (Analista en Sistemas) - UNPA-UARG, 2012</subfield>
    </datafield>
    <datafield tag="505" ind1=" " ind2=" ">
      <subfield code="a">Contenido: Manual de usuario - Informe final - Información disponible en el URL para pruebas - Respuestas a evaluación</subfield>
    </datafield>
    <datafield tag="650" ind1=" " ind2=" ">
      <subfield code="a"> COMPRAS  SISTEMA DE COMPRAS  PROVEEDORES</subfield>
    </datafield>
    <datafield tag="650" ind1=" " ind2=" ">
      <subfield code="a"> DESARROLLO DE SOFTWARE</subfield>
    </datafield>
    <datafield tag="650" ind1=" " ind2=" ">
      <subfield code="a"> PROYECTO INFORMATICO</subfield>
    </datafield>
    <datafield tag="942" ind1=" " ind2=" ">
      <subfield code="c">TN</subfield>
    </datafield>
    <datafield tag="952" ind1=" " ind2=" ">
      <subfield code="a">BIB_RECT</subfield>
      <subfield code="b">BIB_UARG</subfield>
      <subfield code="d">2013-04-11</subfield>
      <subfield code="y">TN</subfield>
      <subfield code="p">05-44408</subfield>
      <subfield code="i">05-44408</subfield>
      <subfield code="g">35</subfield>
      <subfield code="o">T658.7 C736s</subfield>
      <subfield code="e">Secretaría Académica</subfield>
      <subfield code="8">CG</subfield>
    </datafield>
    <datafield tag="952" ind1=" " ind2=" ">
      <subfield code="a">BIB_RECT</subfield>
      <subfield code="b">BIB_UARG</subfield>
      <subfield code="d">2013-04-11</subfield>
      <subfield code="y">TN</subfield>
      <subfield code="p">05-44491</subfield>
      <subfield code="i">05-44491</subfield>
      <subfield code="g">35</subfield>
      <subfield code="o">T658.7 C736s</subfield>
      <subfield code="e">Secretaría Académica</subfield>
      <subfield code="8">CG</subfield>
    </datafield>
    <datafield tag="952" ind1=" " ind2=" ">
      <subfield code="a">BIB_RECT</subfield>
      <subfield code="b">BIB_UARG</subfield>
      <subfield code="d">2013-04-03</subfield>
      <subfield code="y">TN</subfield>
      <subfield code="p">05-44573</subfield>
      <subfield code="i">05-44573</subfield>
      <subfield code="g">20</subfield>
      <subfield code="o">T658.7 C736s</subfield>
      <subfield code="e">Secretaría Academica UARG</subfield>
      <subfield code="8">CG</subfield>
    </datafield>
    <datafield tag="952" ind1=" " ind2=" ">
      <subfield code="a">BIB_RECT</subfield>
      <subfield code="b">BIB_UARG</subfield>
      <subfield code="d">2013-04-03</subfield>
      <subfield code="y">TN</subfield>
      <subfield code="p">05-44574</subfield>
      <subfield code="i">05-44574</subfield>
      <subfield code="g">25</subfield>
      <subfield code="o">T658.7 C736s</subfield>
      <subfield code="e">Secretaría Academica UARG</subfield>
      <subfield code="8">CG</subfield>
    </datafield>
  </record>