
  <record>
    <leader>01000aam  22002601a 4500</leader>
    <controlfield tag="001">YPZ98415</controlfield>
    <controlfield tag="003">YPZ</controlfield>
    <controlfield tag="005">201403101137080</controlfield>
    <controlfield tag="008">140310|###########||||||b||||||||||spa|d</controlfield>
    <datafield tag="040" ind1=" " ind2=" ">
      <subfield code="c">SIUNPA</subfield>
    </datafield>
    <datafield tag="041" ind1=" " ind2=" ">
      <subfield code="a">spa</subfield>
    </datafield>
    <datafield tag="044" ind1=" " ind2=" ">
      <subfield code="a">AR</subfield>
    </datafield>
    <datafield tag="080" ind1=" " ind2=" ">
      <subfield code="a">T004.413 H565p</subfield>
    </datafield>
    <datafield tag="100" ind1=" " ind2=" ">
      <subfield code="a">Herrera, Franco.</subfield>
    </datafield>
    <datafield tag="700" ind1=" " ind2=" ">
      <subfield code="a">Maurell, Marcela.</subfield>
    </datafield>
    <datafield tag="245" ind1=" " ind2=" ">
      <subfield code="a">Proyecto de software I</subfield>
    </datafield>
    <datafield tag="260" ind1=" " ind2=" ">
      <subfield code="a">Río Gallegos</subfield>
      <subfield code="c"> , 2008</subfield>
    </datafield>
    <datafield tag="500" ind1=" " ind2=" ">
      <subfield code="a">Proyecto de software (Analista en Sistemas) - Universidad Nacional de la Patagonia Austral - Unidad Académica Río Gallegos, 2008</subfield>
    </datafield>
    <datafield tag="500" ind1=" " ind2=" ">
      <subfield code="a">Incluye un CD-ROM. Manual de usuario - Instalaciones</subfield>
    </datafield>
    <datafield tag="505" ind1=" " ind2=" ">
      <subfield code="a">Contenido: Informe final - Manual del usuario - Manual de instalación</subfield>
    </datafield>
    <datafield tag="650" ind1=" " ind2=" ">
      <subfield code="a"> PROYECTO INFORMATICO</subfield>
    </datafield>
    <datafield tag="650" ind1=" " ind2=" ">
      <subfield code="a"> INGENIERIA DE SOFTWARE</subfield>
    </datafield>
    <datafield tag="650" ind1=" " ind2=" ">
      <subfield code="a"> TESINA</subfield>
    </datafield>
    <datafield tag="942" ind1=" " ind2=" ">
      <subfield code="c">TN</subfield>
    </datafield>
    <datafield tag="952" ind1=" " ind2=" ">
      <subfield code="a">BIB_RECT</subfield>
      <subfield code="b">BIB_UARG</subfield>
      <subfield code="d">2014-03-10</subfield>
      <subfield code="y">TN</subfield>
      <subfield code="p">05-45950</subfield>
      <subfield code="i">05-45950</subfield>
      <subfield code="g">15</subfield>
      <subfield code="o">T004.413 H565p</subfield>
      <subfield code="e">Donación</subfield>
      <subfield code="8">CG</subfield>
    </datafield>
    <datafield tag="952" ind1=" " ind2=" ">
      <subfield code="a">BIB_RECT</subfield>
      <subfield code="b">BIB_UARG</subfield>
      <subfield code="d">2014-03-10</subfield>
      <subfield code="y">TN</subfield>
      <subfield code="p">05-45951</subfield>
      <subfield code="i">05-45951</subfield>
      <subfield code="g">15</subfield>
      <subfield code="o">T004.413 H565p</subfield>
      <subfield code="e">Donación</subfield>
      <subfield code="8">CG</subfield>
    </datafield>
    <datafield tag="952" ind1=" " ind2=" ">
      <subfield code="a">BIB_RECT</subfield>
      <subfield code="b">BIB_UARG</subfield>
      <subfield code="d">2014-03-10</subfield>
      <subfield code="y">TN</subfield>
      <subfield code="p">05-45952</subfield>
      <subfield code="i">05-45952</subfield>
      <subfield code="g">15</subfield>
      <subfield code="o">T004.413 H565p</subfield>
      <subfield code="e">Donación</subfield>
      <subfield code="8">CG</subfield>
    </datafield>
    <datafield tag="952" ind1=" " ind2=" ">
      <subfield code="a">BIB_RECT</subfield>
      <subfield code="b">BIB_UARG</subfield>
      <subfield code="d">2017-09-08</subfield>
      <subfield code="y">TN</subfield>
      <subfield code="p">05-48862</subfield>
      <subfield code="i">05-48862</subfield>
      <subfield code="g">180</subfield>
      <subfield code="o">T004.413 H565p</subfield>
      <subfield code="e">Sec. Académica</subfield>
      <subfield code="8">CG</subfield>
    </datafield>
    <datafield tag="952" ind1=" " ind2=" ">
      <subfield code="a">BIB_RECT</subfield>
      <subfield code="b">BIB_UARG</subfield>
      <subfield code="d">2017-09-08</subfield>
      <subfield code="y">TN</subfield>
      <subfield code="p">05-48863</subfield>
      <subfield code="i">05-48863</subfield>
      <subfield code="g">180</subfield>
      <subfield code="o">T004.413 H565p</subfield>
      <subfield code="e">Sec. Académica</subfield>
      <subfield code="8">CG</subfield>
    </datafield>
    <datafield tag="952" ind1=" " ind2=" ">
      <subfield code="a">BIB_RECT</subfield>
      <subfield code="b">BIB_UARG</subfield>
      <subfield code="d">2017-09-08</subfield>
      <subfield code="y">TN</subfield>
      <subfield code="p">05-48864</subfield>
      <subfield code="i">05-48864</subfield>
      <subfield code="g">180</subfield>
      <subfield code="o">T004.413 H565p</subfield>
      <subfield code="e">Sec. Académica</subfield>
      <subfield code="8">CG</subfield>
    </datafield>
  </record>