
  <record>
    <leader>01000aam  22002601a 4500</leader>
    <controlfield tag="001">YPZ99673</controlfield>
    <controlfield tag="003">YPZ</controlfield>
    <controlfield tag="005">201506241345450</controlfield>
    <controlfield tag="008">150624|###########||||||b||||||||||spa|d</controlfield>
    <datafield tag="040" ind1=" " ind2=" ">
      <subfield code="c">SIUNPA</subfield>
    </datafield>
    <datafield tag="041" ind1=" " ind2=" ">
      <subfield code="a">spa</subfield>
    </datafield>
    <datafield tag="044" ind1=" " ind2=" ">
      <subfield code="a">AR</subfield>
    </datafield>
    <datafield tag="080" ind1=" " ind2=" ">
      <subfield code="a">T693.827 A478a</subfield>
    </datafield>
    <datafield tag="100" ind1=" " ind2=" ">
      <subfield code="a">Alzu, Sandra.</subfield>
    </datafield>
    <datafield tag="245" ind1=" " ind2=" ">
      <subfield code="a">AberTec S.R.L.</subfield>
      <subfield code="b"> : aberturas de alumnio y PVC</subfield>
    </datafield>
    <datafield tag="260" ind1=" " ind2=" ">
      <subfield code="a">Río Gallegos</subfield>
      <subfield code="c"> , 2013</subfield>
    </datafield>
    <datafield tag="500" ind1=" " ind2=" ">
      <subfield code="a">Seminario presentado para obtener el título de Licenciatura en Administración, Universidad Nacional de la Patagonia Austral, 2012</subfield>
    </datafield>
    <datafield tag="650" ind1=" " ind2=" ">
      <subfield code="a"> COSTRUCCION EN ACRO  ALUMINIO</subfield>
    </datafield>
    <datafield tag="650" ind1=" " ind2=" ">
      <subfield code="a"> ESTRUCTURAS DE METALES LIGEROS</subfield>
    </datafield>
    <datafield tag="942" ind1=" " ind2=" ">
      <subfield code="c">TN</subfield>
    </datafield>
    <datafield tag="952" ind1=" " ind2=" ">
      <subfield code="a">BIB_RECT</subfield>
      <subfield code="b">BIB_UARG</subfield>
      <subfield code="d">2015-06-24</subfield>
      <subfield code="y">TN</subfield>
      <subfield code="p">05-47382</subfield>
      <subfield code="i">05-47382</subfield>
      <subfield code="g">150</subfield>
      <subfield code="o">T693.827 A478a</subfield>
      <subfield code="e">Acuerdo 486/13</subfield>
      <subfield code="8">CG</subfield>
    </datafield>
  </record>